@article{Bashi2017,
author = "Bashi, Yahya and Al-Hammouri, Ahmad",
year = "2017",
month = "08",
title = "Transmission Control Protocol Global Synchronization Problem in Wide Area Monitoring and Control Systems"
}